@misc{usda1972tr55,
  author       = {{United States Department of Agriculture, Natural Resources Conservation Service}},
  title        = {National Engineering Handbook, Part 630 Hydrology},
  number       = {(210--630--H., Amend. 88)},
  year         = {2019},
  month        = aug,
  note         = {Chapter 9: Hydrologic Soil-Cover Complexes},
  url          = {https://directives.nrcs.usda.gov/sites/default/files2/1712930592/29495.pdf}
}

@techreport{usda1986tr55,
  title     = {Urban Hydrology for Small Watersheds, TR-55},
  author    = {{USDA Soil Conservation Service}},
  year      = {1986},
  institution = {U.S. Department of Agriculture},
  number    = {Technical Release 55}
}

@article{wing2019floodrisk,
  title   = {New Insights into Flood Risk from a Global-scale Catastrophe Model},
  author  = {Wing, Oliver E. J. and Bates, Paul D. and Sampson, Chris C. and
             Smith, Andrew M. and Johnson, Kathryn A. and Erickson, Tricia A.},
  journal = {Water Resources Research},
  volume  = {55},
  number  = {3},
  pages   = {185â€“199},
  year    = {2019},
  doi     = {10.1029/2018WR024205}
}

@article{zanaga2021worldcover,
  title   = {ESA WorldCover 10 m 2020 Product Description and Validation Report},
  author  = {Zanaga, Daniele and Van De Kerchove, Ruben and De Keersmaecker,
             Wannes and Souverijns, Niels and Brockmann, Christine and Kirches,
             Grit and Wevers, Jeroen and Cartus, Oliver and Santoro, Maurizio
             and Fritz, Steffen},
  journal = {Zenodo},
  year    = {2021},
  doi     = {10.5281/zenodo.5571936}
}

@book{gropp1999mpi,
  title     = {Using MPI: Portable Parallel Programming with the Message Passing
               Interface},
  author    = {Gropp, William and Lusk, Ewing and Skjellum, Anthony},
  year      = {1999},
  publisher = {MIT Press}
}

@article{amdahl1967validity,
  title   = {Validity of the Single Processor Approach to Achieving Large Scale
             Computing Capabilities},
  author  = {Amdahl, Gene M.},
  journal = {AFIPS Conference Proceedings},
  volume  = {30},
  pages   = {483--485},
  year    = {1967}
}

@article{gustafson1988reevaluating,
  title   = {Reevaluating Amdahl's Law},
  author  = {Gustafson, John L.},
  journal = {Communications of the ACM},
  volume  = {31},
  number  = {5},
  pages   = {532--533},
  year    = {1988}
}

@incollection{warmerdam2008gdal,
  title     = {The Geospatial Data Abstraction Library},
  author    = {Warmerdam, Frank},
  booktitle = {Open Source Approaches in Spatial Data Handling},
  pages     = {87--104},
  year      = {2008},
  publisher = {Springer}
}

@article{stodden2016reproducibility,
  title   = {Enhancing Reproducibility for Computational Methods},
  author  = {Stodden, Victoria and Seiler, Jennifer and Ma, Zhaokun},
  journal = {Science},
  volume  = {354},
  number  = {6317},
  pages   = {1240--1241},
  year    = {2016},
  doi     = {10.1126/science.aah6168}
}

@manual{python-multiprocessing,
  title     = {Python Multiprocessing Library Documentation},
  author    = {{Python Software Foundation}},
  year      = {2023},
  note      = {Available at: \url{https://docs.python.org/3/library/multiprocessing.html}}
}

@inproceedings{beazley2010gil,
  title     = {Understanding the Python GIL},
  author    = {Beazley, David},
  booktitle = {Python Conference (PyCON)},
  year      = {2010},
  note      = {Talk and slides available at: \url{http://www.dabeaz.com/GIL/}}
}

@article{dagum1998openmp,
  title   = {OpenMP: An Industry Standard API for Shared-Memory Programming},
  author  = {Dagum, Leonardo and Menon, Ramesh},
  journal = {IEEE Computational Science and Engineering},
  volume  = {5},
  number  = {1},
  pages   = {46--55},
  year    = {1998},
  doi     = {10.1109/99.660313}
}

@techreport{mpi1994standard,
  title     = {MPI: A Message-Passing Interface Standard},
  author    = {{Message Passing Interface Forum}},
  year      = {1994},
  institution = {University of Tennessee}
}

@misc{gdal-rfc101,
  author = {{GDAL Development Team}},
  title  = {RFC 101: Raster dataset read-only thread-safety},
  year   = {2024},
  url    = {https://gdal.org/en/stable/development/rfc/rfc101_raster_dataset_threadsafety.html},
  note   = {GDAL Project}
}

@article{ross2018hysogs,
  title     = {HYSOGs250m, global gridded hydrologic soil groups for curve-number-based runoff modeling},
  author    = {Ross, Christopher W and Prihodko, Lara and Anchang, Julius and Kumar, Sujith and Ji, Wei and Hanan, Niall P},
  journal   = {Scientific Data},
  volume    = {5},
  pages     = {180091},
  year      = {2018},
  publisher = {Nature Publishing Group},
  doi       = {10.1038/sdata.2018.91}
}

@techreport{ritter1994geotiff,
  title     = {GeoTIFF format specification},
  author    = {Ritter, Niles and Ruth, Mike},
  year      = {1994},
  institution = {SPOT Image}
}

@inproceedings{welch1984lzw,
  title     = {A technique for high-performance data compression},
  author    = {Welch, Terry},
  booktitle = {Computer},
  volume    = {17},
  number    = {6},
  pages     = {8--19},
  year      = {1984},
  publisher = {IEEE}
}

@misc{gdal2020,
  title     = {GDAL/OGR Geospatial Data Abstraction software Library},
  author    = {{GDAL Development Team}},
  year      = {2020},
  note      = {Open Source Geospatial Foundation. Available at: \url{https://gdal.org/}}
}

@misc{posix2024,
  title        = {{IEEE/Open Group Standard for Information Technology--Portable Operating System Interface (POSIX\textsuperscript{\texttrademark}) Base Specifications, Issue 8}},
  shorttitle   = {POSIX.1-2024},
  institution  = {IEEE and The Open Group},
  number       = {IEEE Std 1003.1-2024},
  year         = {2024},
  month        = jun,
  doi          = {10.1109/IEEESTD.2024.10555529},
  isbn         = {979-8-8557-0793-9},
  url          = {https://ieeexplore.ieee.org/servlet/opac?punumber=10555527},
  note         = {Status: Active -- Approved}
}

@misc{intel2023ht,
  title     = {Intel Hyper-Threading Technology},
  author    = {{Intel Corporation}},
  year      = {2023},
  note      = {Available at: \url{https://www.intel.com/content/www/us/en/architecture-and-technology/hyper-threading.html}}
}

@misc{siddiqui2020curve,
  author       = {Siddiqui, Abdul Raheem},
  title        = {Curve Number Generator: A QGIS Plugin to Generate Curve Number Layer from Land Use and Soil},
  year         = {2020},
  howpublished = {\url{https://github.com/ar-siddiqui/curve_number_generator}},
  note         = {Accessed: 2025-08-17}
}

@online{usdachapter9,
  author       = {{USDA NRCS}},
  title        = {National Engineering Handbook, Part 630 Hydrology: Chapter 9 - Hydrologic Soil-Cover Complexes (210-VI-NEH)},
  year         = {2004},
  month        = jul,
  publisher    = {USDA eDirectives},
  url          = {https://directives.sc.egov.usda.gov/landingpage/79824ad0-6672-4e3b-b100-86d87993f172},
  note         = {Accessed July 8, 2024},
}
